@article{campi08,
  title={The exact feasibility of randomized solutions of uncertain convex programs},
  author={Campi, Marco C and Garatti, Simone},
  journal={SIAM Journal on Optimization},
  volume={19},
  number={3},
  pages={1211--1230},
  year={2008},
  publisher={SIAM}
}

@article{campi05,
  title={Uncertain convex programs: randomized solutions and confidence levels},
  author={Calafiore, Giuseppe and Campi, Marco C},
  journal={Mathematical Programming},
  volume={102},
  number={1},
  pages={25--46},
  year={2005},
  publisher={Springer}
}

@article{carlone2014,
  title={Distributed random convex programming via constraints consensus},
  author={Carlone, Luca and Srivastava, Vaibhav and Bullo, Francesco and Calafiore, Giuseppe C},
  journal={SIAM Journal on Control and Optimization},
  volume={52},
  number={1},
  pages={629--662},
  year={2014},
  publisher={SIAM}
}

@article{campi06,
  title={The scenario approach to robust control design},
  author={Calafiore, Giuseppe and Campi, Marco C},
  journal={IEEE Transactions on Automatic Control},
  volume={51},
  number={5},
  pages={742-753},
  year={2006},
  publisher={IEEE}
}

@book{bental09,
 author={Ben-Tal, Aharon and El Ghaoui, Laurent and Nemirovski, Arkadi},
 title={Robust optimization},
 publisher={Princeton University Press},
 year={2009},
}